@article{hsu1995artificial,
  title={Artificial neural network modeling of the rainfall-runoff process},
  author={Hsu, Kuo-lin and Gupta, Hoshin Vijai and Sorooshian, Soroosh},
  journal={Water resources research},
  volume={31},
  number={10},
  pages={2517--2530},
  year={1995},
  publisher={Wiley Online Library}
}
@article{lee1992short,
	title={Short-term load forecasting using an artificial neural network},
	author={Lee, KY and Cha, YT and Park, JH},
	journal={IEEE transactions on power systems},
	volume={7},
	number={1},
	pages={124--132},
	year={1992},
	publisher={IEEE}
}

@MISC{towardsDataScience,
	author = {Nagesh Singh Chauhan},
	title = {Introduction to Artificial Neural Networks(ANN)},
	month = oct,
	year = {2019},
	howpublished={\url{https://towardsdatascience.com/introduction-to-artificial-neural-networks-ann-1aea15775ef9}}
}