%AlexNet
@incollection{Alex2012,
	title = {ImageNet Classification with Deep Convolutional Neural Networks},
	author = {Alex Krizhevsky and Sutskever, Ilya and Hinton, Geoffrey E},
	booktitle = {Advances in Neural Information Processing Systems 25},
	editor = {F. Pereira and C. J. C. Burges and L. Bottou and K. Q. Weinberger},
	pages = {1097--1105},
	year = {2012},
	publisher = {Curran Associates, Inc.},
	url = {http://papers.nips.cc/paper/4824-imagenet-classification-with-deep-convolutional-neural-networks.pdf}
}

%ZFNet
@InProceedings{Zeiler2014,
	author="Zeiler, Matthew D. and Fergus, Rob",
	editor="Fleet, David
	and Pajdla, Tomas
	and Schiele, Bernt
	and Tuytelaars, Tinne",
	title="Visualizing and Understanding Convolutional Networks",
	booktitle="Computer Vision -- ECCV 2014",
	year="2014",
	publisher="Springer International Publishing",
	address="Cham",
	pages="818--833",
	isbn="978-3-319-10590-1"
}